<?xml version="1.0" encoding="UTF-8"?><collection xmlns="http://www.loc.gov/MARC21/slim"><record><leader>00478nam--2200181-i-4500</leader><controlfield tag="001">000028320</controlfield><controlfield tag="002">20161230</controlfield><controlfield tag="005">20161230201037</controlfield><controlfield tag="008">060222s1000------------r-----000-0-eng-d</controlfield><datafield ind1=" " ind2=" " tag="040"><subfield code="a">IFIN-HH</subfield></datafield><datafield ind1=" " ind2=" " tag="080"><subfield code="a">543.422.2</subfield></datafield><datafield ind1="1" ind2=" " tag="100"><subfield code="a">Sugden, T.M</subfield></datafield><datafield ind1="1" ind2="0" tag="245"><subfield code="a">Microwave spectroscopy of gases</subfield><subfield code="b">T.m. sugden, c.n. kenney</subfield></datafield><datafield ind1=" " ind2=" " tag="260"><subfield code="a">London</subfield><subfield code="b">D.Van Nostrand Co. Ltd</subfield><subfield code="c">1965</subfield></datafield><datafield ind1=" " ind2=" " tag="300"><subfield code="a">IX+332P</subfield></datafield><datafield ind1="1" ind2=" " tag="700"><subfield code="a">Kenney, C.N</subfield></datafield><datafield ind1=" " ind2=" " tag="852"><subfield code="a">22505</subfield><subfield code="c">539.143.43</subfield></datafield><datafield ind1=" " ind2=" " tag="CAT"><subfield code="a">Sys</subfield><subfield code="c">20120419</subfield><subfield code="h">150034</subfield></datafield></record></collection>